@article{tsu,
	author = "T. C. Tsu",
	title = "Interplanetary Travel by Solar Sail",
	journal = "ARS Journal",
	volume = "29",
	number = "6",
	pages = "422--427",
	year = "1959",
	DOI = "https://doi.org/10.2514/8.4791"
}

@book{mcinnes,
	author = "Colin R. Mcinnes",
	title = "Solar Sailing: Technology, Dynamics and Mission Applications",
	year = "2004",
	publisher = "Springer-Verlag"
}

@techreport{hollerman,
	author = "William A. Hollerman",
	title = "The Physics of Solar Sails",
	year = "2003",
	institution = "Lousiana University"
}

@book{presskit,
	title = "Mars Science Laboratory Landing Press Kit",
	year = "2012",
	month = "July"
}


